@misc{osmwiki,
  title = {OpenStreetMap Wiki},
  howpublished = {\url{https://wiki.openstreetmap.org}},
  note = {Useful for understanding the structure, tagging schema, and guidelines
          of OSM data},
  year = {2024},
}

@misc{golangdoc,
  title = {Go Documentation},
  howpublished = {\url{https://go.dev/doc/}},
  note = {Official documentation for Golang, supporting development of the GPX
          and backend tooling},
  year = {2024},
}

@misc{pythondoc,
  title = {Python 3 Documentation},
  howpublished = {\url{https://docs.python.org/3/}},
  note = {Core reference for scripting, data processing, and API communication
          in Python},
  year = {2024},
}

@misc{scikitdoc,
  title = {Scikit-learn Documentation},
  howpublished = {\url{https://scikit-learn.org/stable/}},
  note = {Primary reference for implementing machine learning models for segment
          scoring},
  year = {2024},
}



@article{pedregosa2011scikit,
  title = {Scikit-learn: Machine Learning in Python},
  author = {Pedregosa, Fabian and Varoquaux, Ga{\"e}l and Gramfort, Alexandre
            and Michel, Vincent and Thirion, Bertrand and Grisel, Olivier and
            Blondel, Mathieu and Prettenhofer, Peter and Weiss, Ron and Dubourg,
            Vincent and others},
  journal = {Journal of Machine Learning Research},
  volume = {12},
  pages = {2825--2830},
  year = {2011},
  note = {Describes the core ML library used for building segment scoring models
          },
}


@misc{osmodbl,
  title = {Open Database License (ODbL)},
  author = {{OpenStreetMap Foundation}},
  year = {2024},
  howpublished = {\url{https://wiki.openstreetmap.org/wiki/Open_Database_License
                  }},
  note = {Accessed: 18 April 2025},
}


@misc{leafletdoc,
  title = {Leaflet documentation},
  author = {{Leaflet.js}},
  year = {2024},
  howpublished = {\url{https://leafletjs.com/reference.html}},
  note = {Accessed: 18 April 2025},
}

@misc{overpasspolicy,
  title = {Overpass API â€“ Public Usage Policy},
  author = {{OpenStreetMap Wiki}},
  year = {2024},
  howpublished = {\url{
                  https://wiki.openstreetmap.org/wiki/Overpass_API#Public_Usage_Policy
                  }},
  note = {Accessed: 18 April 2025},
}

@misc{overpassapi,
  title = {Overpass API},
  author = {{OpenStreetMap Wiki}},
  year = {2024},
  howpublished = {\url{https://wiki.openstreetmap.org/wiki/Overpass_API}},
  note = {Accessed: 18 April 2025},
}

@misc{gdpr,
  title = {General Data Protection Regulation (GDPR)},
  author = {{European Union}},
  year = {2018},
  howpublished = {\url{https://gdpr.eu}},
  note = {Accessed: 18 April 2025},
}

@misc{wiley2018mllicenses,
  author = {Wiley, B. and Kumar, P.},
  title = {Data Licensing and the Machine Learning Ecosystem},
  year = {2018},
  howpublished = {\url{https://datasociety.net}},
  note = {Data \& Society Research Institute. Accessed: 18 April 2025},
}


@article{haklay2010vgi,
  author = {Haklay, M.},
  title = {How good is volunteered geographical information? A comparative study
           of OpenStreetMap and Ordnance Survey datasets},
  journal = {Environment and Planning B: Planning and Design},
  volume = {37},
  number = {4},
  pages = {682--703},
  year = {2010},
}

@article{goodchild2007citizens,
  author = {Goodchild, M. F.},
  title = {Citizens as sensors: the world of volunteered geography},
  journal = {GeoJournal},
  volume = {69},
  number = {4},
  pages = {211--221},
  year = {2007},
}

@article{leszczynski2015spatial,
  author = {Leszczynski, A.},
  title = {Spatial big data and anxieties of control},
  journal = {Environment and Planning D: Society and Space},
  volume = {33},
  number = {6},
  pages = {965--984},
  year = {2015},
}

@article{floridi2016data,
  author = {Floridi, L. and Taddeo, M.},
  title = {What is data ethics?},
  journal = {Philosophical Transactions of the Royal Society A: Mathematical,
             Physical and Engineering Sciences},
  volume = {374},
  number = {2083},
  pages = {20160360},
  year = {2016},
}

@article{tufekci2015algorithmic,
  author = {Tufekci, Z.},
  title = {Algorithmic harms beyond Facebook and Google: Emergent challenges of
           computational agency},
  journal = {Colorado Technology Law Journal},
  volume = {13},
  pages = {203--218},
  year = {2015},
}

@inproceedings{danks2017bias,
  author = {Danks, D. and London, A. J.},
  title = {Algorithmic bias in autonomous systems},
  booktitle = {Proceedings of the 26th International Joint Conference on
               Artificial Intelligence (IJCAI)},
  pages = {4691--4697},
  year = {2017},
}

