@article{boeing2017osmnx,
  title = {OSMnx: New methods for acquiring, constructing, analyzing, and
           visualizing complex street networks},
  author = {Boeing, Geoffrey},
  journal = {Computers, Environment and Urban Systems},
  volume = {65},
  pages = {126--139},
  year = {2017},
  publisher = {Elsevier},
}

@misc{hagberg2008exploring,
  title = {Exploring network structure, dynamics, and function using NetworkX},
  author = {Hagberg, Aric A and Schult, Daniel A and Swart, Pieter J},
  year = {2008},
  note = {Los Alamos National Lab (LANL), Technical Report LA-UR-08-05495},
  howpublished = {\url{https://networkx.org/}},
}

@misc{gpxpy,
  title = {GPXPY: GPX file parser for Python},
  author = {Kostya Zubarev},
  year = {2023},
  howpublished = {\url{https://github.com/tkrajina/gpxpy}},
}

@misc{polyline,
  title = {Polyline: Googleâ€™s Encoded Polyline Algorithm Format in Python},
  author = {Mapbox},
  year = {2023},
  howpublished = {\url{https://github.com/mapbox/polyline}},
}

@misc{folium,
  title = {Folium: Python Data. Leaflet.js Maps},
  author = {Rob Story and contributors},
  year = {2023},
  howpublished = {\url{https://python-visualization.github.io/folium/}},
}

