@misc{overpass,
  author = {{Overpass API}},
  year = {2025},
  title = {OpenStreetMap data extractor},
  howpublished = {\url{https://overpass-api.de}},
  note = {Accessed August~2025},
}

@misc{osrm,
  author = {{Project OSRM}},
  year = {2025},
  title = {Open Source Routing Machine (OSRM)},
  howpublished = {\url{http://project-osrm.org}},
  note = {Accessed August~2025},
}

@misc{osmium,
  author = {{Osmium Tool}},
  year = {2025},
  title = {Multi-purpose OSM data manipulation toolkit},
  howpublished = {\url{https://osmcode.org}},
  note = {Accessed August~2025},
}

@misc{sqlite,
  author = {{SQLite}},
  year = {2025},
  title = {SQLite Home Page},
  howpublished = {\url{https://sqlite.org}},
  note = {Accessed August~2025},
}

@misc{gpx-format,
  author = {{Topografix}},
  year = {2023},
  title = {GPX: the GPS Exchange Format (Version 1.1)},
  howpublished = {\url{http://www.topografix.com/gpx.asp}},
  note = {Accessed August~2025},
}

@misc{gpxpy,
  author = {Krajina, Tomo},
  year = {2023},
  title = {{\it gpxpy} (Version 1.6.2) [Python library]},
  howpublished = {\url{https://pypi.org/project/gpxpy/}},
  note = {Accessed August~2025},
}

@misc{folium,
  author = {{Folium Developers}},
  year = {2025},
  title = {Folium: Python library for interactive maps},
  howpublished = {\url{https://folium.readthedocs.io}},
  note = {Accessed August~2025},
}

@misc{polyline,
  author = {{Google Developers}},
  year = {2025},
  title = {Encoded Polyline Algorithm Format},
  howpublished = {\url{
                  https://developers.google.com/maps/documentation/utilities/polylinealgorithm
                  }},
  note = {Accessed August~2025},
}

@misc{python-argparse-doc,
  author = {{Python Software Foundation}},
  year = {2025},
  title = {argparse --- Parser for command-line options (Python Documentation)},
  howpublished = {\url{https://docs.python.org/3/library/argparse.html}},
  note = {Accessed August~2025},
}

@misc{python-concurrent-doc,
  author = {{Python Software Foundation}},
  year = {2025},
  title = {concurrent.futures --- Launching parallel tasks (Python
           Documentation)},
  howpublished = {\url{https://docs.python.org/3/library/concurrent.futures.html
                  }},
  note = {Accessed August~2025},
}

@misc{python-os-doc,
  author = {{Python Software Foundation}},
  year = {2025},
  title = {os --- Miscellaneous operating system interfaces (Python
           Documentation)},
  howpublished = {\url{https://docs.python.org/3/library/os.html}},
  note = {Accessed August~2025},
}

@inproceedings{Newson2009,
  author = {Newson, Paul and Krumm, John},
  year = {2009},
  title = {Hidden Markov map matching through noise and sparseness},
  booktitle = {Proceedings of the 17th ACM SIGSPATIAL International Conference
               on Advances in Geographic Information Systems (GIS'09)},
  address = {Seattle, WA, USA},
}

@article{Saki2022,
  author = {Saki, Siavash and Hagen, Tobias},
  year = {2022},
  title = {A Practical Guide to an Open-Source Map-Matching Approach for Big GPS
           Data},
  journal = {SN Computer Science},
  volume = {3},
  number = {415},
  doi = {10.1007/s42979-022-01340-5},
}

